<record><leader>00000cas a22000007a 4500</leader><controlfield tag="001">9552358</controlfield><controlfield tag="008">830527d18441844mauwr ne      0    0eng d</controlfield><datafield ind1=" " ind2=" " tag="010"><subfield code="a">sn 83020790 </subfield></datafield><datafield ind1=" " ind2=" " tag="040"><subfield code="a">NPX</subfield><subfield code="b">eng</subfield><subfield code="c">NPX</subfield><subfield code="d">MGN</subfield><subfield code="d">OCLCQ</subfield></datafield><datafield ind1=" " ind2=" " tag="042"><subfield code="a">msc</subfield></datafield><datafield ind1=" " ind2=" " tag="043"><subfield code="a">n-us-ma</subfield></datafield><datafield ind1="0" ind2="0" tag="245"><subfield code="a">Woburn gazette.</subfield></datafield><datafield ind1=" " ind2=" " tag="260"><subfield code="a">Woburn, Mass. :</subfield><subfield code="b">William White</subfield></datafield><datafield ind1=" " ind2=" " tag="300"><subfield code="a">v. ;</subfield><subfield code="c">32 cm.</subfield></datafield><datafield ind1=" " ind2=" " tag="310"><subfield code="a">Weekly,</subfield><subfield code="b">&lt;May 31&gt;-Nov. 8, 1844</subfield></datafield><datafield ind1=" " ind2=" " tag="321"><subfield code="a">Semimonthly,</subfield><subfield code="b">Mar. 15-Apr. 26, 1844</subfield></datafield><datafield ind1="0" ind2=" " tag="362"><subfield code="a">Vol. 1, no. 1 (Mar. 15, 1844)-v. 1, no. 4 (Apr. 26, 1844) ; -new ser., vol. 1, no. 26 (Nov. 8, 1844).</subfield></datafield><datafield ind1=" " ind2=" " tag="515"><subfield code="a">Suspended Apr. 26-May 31, 1844?</subfield></datafield><datafield ind1=" " ind2=" " tag="752"><subfield code="a">United States</subfield><subfield code="b">Massachusetts</subfield><subfield code="c">Middlesex</subfield><subfield code="d">Woburn.</subfield></datafield><datafield ind1="0" ind2="0" tag="785"><subfield code="t">New England family</subfield></datafield></record>